<?xml version="1.0" encoding="UTF-8"?><collection xmlns="http://www.loc.gov/MARC21/slim"><record><leader>00334nam--2200121-i-4500</leader><controlfield tag="001">000026239</controlfield><controlfield tag="002">20161230</controlfield><controlfield tag="005">20161230201036</controlfield><controlfield tag="008">060222s1000------------r-----000-0-eng-d</controlfield><datafield ind1=" " ind2=" " tag="080"><subfield code="a">621352(094)_</subfield></datafield><datafield ind1=" " ind2=" " tag="245"><subfield code="a">Instructiuni pentru verificarea elementelor normale. editie oficiala</subfield></datafield><datafield ind1=" " ind2=" " tag="260"><subfield code="a">Bucuresti, Ed.Tehnica, 1974. 15p</subfield></datafield><datafield ind1=" " ind2=" " tag="852"><subfield code="a">42907</subfield></datafield></record></collection>